@misc{ShortestPath,
title = {{Shortest Path | Graphs}},
titleaddon = {ArangoDB Documentation},
url = {https://www.arangodb.com/docs/stable/aql/graphs-shortest-path.html},
urldate = {2020-04-11}
}
@misc{ArangoSearchTut,
title = {{ArangoSearch Tutorial - ArangoDB}},
url = {https://www.arangodb.com/arangodb-training-center/search/arangosearch/},
urldate = {2020-04-10}
}
@misc{FulltextFunc,
title = {{Fulltext | Functions}},
titleaddon = {ArangoDB Documentation},
url = {https://www.arangodb.com/docs/stable/aql/functions-fulltext.html},
urldate = {2020-04-10}
}
@misc{FulltextIndex,
title = {{Fulltext Indexes}},
titleaddon = {ArangoDB Documentation},
url = {https://www.arangodb.com/docs/stable/indexing-fulltext.html},
urldate = {2020-04-10}
}
@misc{GeoJSON,
title = {{Geo-spatial Indexes}},
titleaddon = {ArangoDB Documentation},
url = {https://www.arangodb.com/docs/stable/indexing-geo.html{\#}geojson},
urldate = {2020-04-10}
}
@misc{GeoFunc,
title = {{Geo | Functions}},
titleaddon = {ArangoDB Documentation},
url = {https://www.arangodb.com/docs/stable/aql/functions-geo.html{\#}geo-functions},
urldate = {2020-04-10}
}
@misc{GeoTut,
title = {{Geospatial queries}},
titleaddon = {ArangoDB Documentation},
url = {https://www.arangodb.com/docs/stable/aql/tutorial-geospatial.html},
urldate = {2020-04-10}
}
@misc{MMvsRocks,
title = {{ArangoDB Storage Engines}},
titleaddon = {ArangoDB Documentation},
url = {https://www.arangodb.com/docs/stable/architecture-storage-engines.html},
urldate = {2020-04-10}
}
@misc{ArangoDeprecated,
title = {{Deprecated Features}},
titleaddon = {ArangoDB Documentation},
url = {https://www.arangodb.com/docs/stable/appendix-deprecated.html},
urldate = {2020-04-10}
}

@misc{ArangoHomepage,
title = {{Why ArangoDB}},
titleaddon = {ArangoDB Homepage},
url = {https://www.arangodb.com/why-arangodb/},
urldate = {2020-04-10}
}
@misc{ArangoCluster,
title = {{Cluster Mode}},
titleaddon = {ArangoDB Homepage},
url = {https://www.arangodb.com/why-arangodb/cluster/},
urldate = {2020-04-10}
}
@misc{DBEnginesComparisons,
title = {{System Properties Comparison ArangoDB vs. MongoDB vs. Neo4j}},
titleaddon = {DB-Engines},
url = {https://db-engines.com/en/system/ArangoDB%3BMongoDB%3BNeo4j},
urldate = {2020-04-10}
}
@misc{DBBenchmark,
title = {{NoSQL Performance Benchmark 2018 â€“ MongoDB, PostgreSQL, OrientDB, Neo4j and ArangoDB}},
titleaddon = {ArangoDB Homepage},
url = {https://www.arangodb.com/2018/02/nosql-performance-benchmark-2018-mongodb-postgresql-orientdb-neo4j-arangodb/},
urldate = {2020-04-10}
}
@misc{ArangoVSMongo,
title = {{What you can't do with MongoDB}},
titleaddon = {ArangoDB Homepage},
url = {https://www.arangodb.com/why-arangodb/arangodb-vs-mongodb/},
urldate = {2020-04-10}
}
@misc{ArangoVSNeo4j,
title = {{What you can't do with Neo4j}},
titleaddon = {ArangoDB Homepage},
url = {https://www.arangodb.com/why-arangodb/arangodb-vs-neo4j/},
urldate = {2020-04-10}
}
@misc{Pokec,
title = {{Pokec social network}},
titleaddon = {Stanford University SNAP},
url = {https://snap.stanford.edu/data/soc-pokec.html},
urldate = {2020-04-10}
}
@article{Brewer2000,
 author = {Brewer, Eric},
 title = {Towards robust distributed systems},
 year = {2000},
 doi = {10.1145/343477.343502}
}
@book{robertson_probabilistic_2009,
	title = {The {Probabilistic} {Relevance} {Framework}: {BM25} and {Beyond}},
	isbn = {978-1-60198-308-4},
	shorttitle = {The {Probabilistic} {Relevance} {Framework}},
	abstract = {The Probabilistic Relevance Framework (PRF) is a formal framework for document retrieval, grounded in work done in the 1970-80s, which led to the development of one of the most successful text-retrieval algorithms, BM25. In recent years, research in the PRF has yielded new retrieval models capable of taking into account structure and link-graph information. Again, this has led to one of the most successful web-search and corporate-search algorithms, BM25F. The Probabilistic Relevance Framework: BM25 and Beyond presents the PRF from a conceptual point of view, describing the probabilistic modelling assumptions behind the framework and the different ranking algorithms that result from its application: the binary independence model, relevance feedback models, BM25, BM25F. Besides presenting a full derivation of the PRF ranking algorithms, it provides many insights about document retrieval in general, and points to many open challenges in this area. It also discusses the relation between the PRF and other statistical models for IR, and covers some related topics, such as the use of non-textual features, and parameter optimization for models with free parameters. The Probabilistic Relevance Framework: BM25 and Beyond is self-contained and accessible to anyone with basic knowledge of probability and inference},
	language = {en},
	publisher = {Now Publishers Inc},
	author = {Robertson, Stephen and Zaragoza, Hugo},
	year = {2009},
	note = {Google-Books-ID: yK6HxUEaZ9gC}
}
